
% renamed from spike_intro
@article{ponulak_2011,
author = {Ponulak F, Kasinski A.},
title = {Introduction to spiking neural networks: Information processing, learning and applications.},
journal = {Acta Neurobiol Exp (Wars)},
volume = 71, 
number = 4, 
pages = {409--433},
year = 2011
}

% renamed from deep_spike
@article{tavanaei_2019,
author = {Amirhossein Tavanaeia, Masoud Ghodratib},
title = {Deep learning in spiking neural networks},
journal = {Neural Networks},
volume = 111, 
number = 1, 
pages = {47--63}, 
year = 2019
}

%renamed from fpga_spike
@inproceedings{cassidy_2017,
author = {Andrew Cassidy},
title = {FPGA Based Silicon Spiking Neural Array},
booktitle = {IEEE Biomedical Circuits and Systems Conference},
year = 2017
}


@article{spike_approx,
author = {Amirhossein Tavanaeia, Masoud Ghodratib},
title = {A Spiking Neural Network Architecure for Nonlinear Function Approximation},
journal = {Neural Networks},
volume = 14, 
number = 1, 
pages = {933--939}, 
year = 2001
}


% renamed from spike_stdp_learn
@article{legenstein_2005,
author = {Robert Legenstein, Christian Naeger},
title = {What Can a Neuron Learn with Spike-Timing-Dependent
Plasticity?},
journal = {Neural Computation},
volume = 17, 
number = 1, 
pages = {2337--2382}, 
year = 2005
}

% renamed from: astro_bio_review
@article{mederos_2018,
author = {Sara Mederos, Candela González-Arias, Gertrudis Perea},
title = {Astrocyte–Neuron Networks: A Multilane Highway of Signaling for Homeostatic Brain Function},
journal = {Synaptic Neuroscience},
volume = 1,
number = 1,
pages = {1--3},
year = 2018
}


% Renamed from nuro_compute_overview
% author = {Catherine D. Schuman, Thomas E. Potok, Robert M. Patton, J.Douglas Birdwell, Mark E. Dean, Garrett S. Rose, James S.Plank},
@article{schuman_2017,
author = {Catherine D. Schuman},
title = {A Survey of Neuromorphic Computing and NeuralNetworks in Hardware},
journal = {},
volume = 1,
number = 1,
pages = {1--3},
year = 2017
}

% Renamed from snn_dynamic_calcium
@article{postnov_2009,
author = {D.E. Postnov},
title = {Dynamical Patterns of Calcium Signaling in a functional model of neuron-astrocyte networks},
journal = {Springer Science + Business Meda},
volume = 1,
number = 1,
pages = {1--3},
year = 2009
}

@article{postnov_2007,
  title={Functional modeling of neural-glial interaction},
  author={Dmitry E. Postnov and Ludmila S. Ryazanova and Olga V. Sosnovtseva},
  journal={Bio Systems},
  year={2007},
  volume={89 1-3},
  pages={84-91}
}

@article{chung_2015,
  title={Astrocytes Control Synapse Formation, Function, and Elimination.},
  author={Won-Suk Chung and Nicola J. Allen and Cagla Eroglu},
  journal={Cold Spring Harbor perspectives in biology},
  year={2015},
  volume={7 9},
  pages={a020370}
}

@article{araque_2014,
  titlep={Gliotransmitters Travel in Time and Space},
  author={Alfonso Araque and Giorgio Carmignoto and Philip G Haydon and St{\'e}phane Henri Richard Oliet and Richard Robitaille and Andrea Volterra},
  journal={Neuron},
  year={2014},
  volume={81},
  pages={728-739}
}

@article{manninen_2019,
  title={computational Models of Astrocytes and Astrocyte–Neuron Interactions: Characterization, Reproducibility, and Future Perspectives},
  author={Tiina Manninen and Riikka Havela and Marja-Leena Linne},
  journal={Springer Series in Computational Neuroscience},
  year={2019}
}

@article{amiri_2013,
  title={A phase plane analysis of neuron-astrocyte interactions},
  author={Mahmood Amiri and Ghazal Montaseri and Fariba Bahrami},
  journal={Neural networks : the official journal of the International Neural Network Society},
  year={2013},
  volume={44},
  pages={157-65}
}

% renamed from realtime_sgnn
@article{bassam_2009,
author = {Bassam A.R Abed, Amelia R. Ismail, Normaziah A. Aziz},
title = {Real Time Astrocyte in Spiking Neural Network},
journal = {Springer Science + Business Meda},
volume = 1,
number = 1,
pages = {1--3},
year = 2009
}

@article{mesejo_2015,
title={Artificial Neuron–Glia Networks Learning Approach Based on Cooperative Coevolution}, 
volume={25}, 
ISSN={0129-0657, 1793-6462}, 
DOI={10.1142/S0129065715500124}, 
number={04}, 
journal={International Journal of Neural Systems}, 
author={Mesejo, Pablo and Ibáñez, Oscar and Fernández-Blanco, Enrique and Cedrón, Francisco and Pazos, Alejandro and Porto-Pazos, Ana B.}, 
year={2015}, 
month={6}, 
pages={1550012}
}

% renamed from snn_roc_stdp
@article{delorme_2001, 
title={Networks of integrate-and-fire neurons using Rank OrderCoding B: Spike timing dependent plasticity and emergenceof orientation selectivity}, 
volume={2001}, 
number={04}, 
journal={Neurocomputing}, 
author={Arnaud Delorme, Laurent Perrinet, Simon J. Thorpe}, 
year={2001}, 
pages={539--a545}
}

@article{sgnn_transistor,
title={Novel  Spiking  Neuron-Astrocyte  Networks  based  on  Nonlinear Transistor-like  Models  of  Tripartite  Synapses}, 
volume={35}, 
number={00}, 
journal={IEEE EMBS}, 
author={2013}, 
year={2001}, 
pages={539--a545}
}

@article{snn_stbp,
title={Spatio-Temporal Backpropagation for Training High-performance Spiking Neural Networks}, 
volume={35}, 
number={00}, 
journal={IEEE EMBS}, 
author={Yujie Wu, Lei Deng, Guoqi Li, Jun Zhu and Luping Shi}, 
year={2017}, 
pages={539--545}
}

@article{bp_stdp,
archivePrefix = {arXiv},
arxivId = {1711.04214},
author = {Tavanaei, Amirhossein and Maida, Anthony},
doi = {10.1016/j.neucom.2018.11.014},
eprint = {1711.04214},
issn = {18728286},
journal = {Neurocomputing},
keywords = {Multi-layer SNN,STDP,Spiking neural networks,Supervised learning,Temporally local learning},
pages = {39--47},
title = {{BP-STDP: Approximating backpropagation using spike timing dependent plasticity}},
volume = {330},
year = {2019}
}

@article{fpga_sgnn,
author = {Nazari, Soheila and Faez, Karim and Amiri, Mahmood and Karami, Ehsan},
doi = {10.1016/j.neunet.2015.01.005},
issn = {18792782},
journal = {Neural Networks},
keywords = {FPGA,Linear approximation,Neuromorphic,Neuron-astrocyte interactions},
mendeley-groups = {Spiking Astrocyte Neural Networks},
month = {jun},
pages = {79--90},
pmid = {25814323},
publisher = {Elsevier Ltd},
title = {{A digital implementation of neuron-astrocyte interaction for neuromorphic applications}},
volume = {66},
year = {2015}
}

% renamed from deep_lsm
@inproceedings{wang_2016,
author = {Wang, Qian and Li, Peng},
booktitle = {Proceedings - International Conference on Pattern Recognition},
doi = {10.1109/ICPR.2016.7900035},
file = {:home/jkiggins-l/.local/share/data/Mendeley Ltd./Mendeley Desktop/Downloaded/Wang, Li - Unknown - D-LSM Deep Liquid State Machine with Unsupervised Recurrent Reservoir Tuning.pdf:pdf},
isbn = {9781509048472},
issn = {10514651},
pages = {2652--2657},
title = {{D-LSM: Deep Liquid State Machine with unsupervised recurrent reservoir tuning}},
year = {2016}
}

@article{wade_2011,
  title={Bidirectional Coupling between Astrocytes and Neurons Mediates Learning and Dynamic Coordination in the Brain: A Multiple Modeling Approach},
  author={John Joseph Wade and Liam McDaid and Jim Harkin and Vincenzo Crunelli and J. A. Scott Kelso},
  journal={PLoS ONE},
  year={2011},
  volume={6}
}


% renamed from astro_plasticity
@article{min_2012,
author = {Min, Rogier and Santello, Mirko and Nevian, Thomas},
doi = {10.3389/fncom.2012.00093},
file = {:home/jkiggins-l/fncom-06-00093.pdf:pdf},
issn = {16625188},
journal = {Frontiers in Computational Neuroscience},
keywords = {Astrocytes,Calcium,Computation,Heterosynaptic plasticity,Metaplasticity,STDP,Spike-timing dependent plasticity,Synaptic plasticity},
number = {OCTOBER 2012},
pages = {1--15},
title = {{The computational power of astrocyte mediated synaptic plasticity}},
volume = {6},
year = {2012}
}

@article{izhikevich_2004,
author = {Izhikevich, Eugene M.},
doi = {10.1109/TNN.2004.832719},
issn = {10459227},
journal = {IEEE Transactions on Neural Networks},
number = {5},
pages = {1063--1070},
pmid = {15484883},
title = {{Which model to use for cortical spiking neurons?}},
volume = {15},
year = {2004}
}

@article{aertsen_1996,
author = {Aertsen},
journal = {Dept. of Neurobiology and Biophysics, Institute for biology III Albert-Lugwig-University},
number = {0},
pages = {243--247},
title = {{Propagation of synchronous spiking activity in feedforward neural networks}},
volume = {90},
year = {1996}}


@article{van-rossum_2012,
author = {Amirhossein Tavanaeia, Masoud Ghodratib},
title = {Soft-bound Synaptic Plasticity Increases Storage Capacity},
journal = {PLOS Computational Biology},
volume = 8, 
number = 12, 
pages = {933--939}, 
year = 2012
}

@article{kasabov_2013,
author={Kasabov,Nikola and Dhoble,Kshitij and Nuntalid,Nuttapod and Indiveri,Giacomo},
year={2013},
title={Dynamic evolving spiking neural networks for on-line spatio- and spectro-temporal pattern recognition},
journal={Neural networks},
volume={41},
pages={188-201},
language={English},
}

@article{mozafari_2018,
   title={Bio-inspired digit recognition using reward-modulated spike-timing-dependent plasticity in deep convolutional networks},
   volume={94},
   ISSN={0031-3203},
   url={http://dx.doi.org/10.1016/j.patcog.2019.05.015},
   DOI={10.1016/j.patcog.2019.05.015},
   journal={Pattern Recognition},
   publisher={Elsevier BV},
   author={Mozafari, Milad and Ganjtabesh, Mohammad and Nowzari-Dalini, Abbas and Thorpe, Simon J. and Masquelier, Timothée},
   year={2019},
   month={8},
   pages={87–95}
}

@inproceedings{schrauwen_2007,
  title={An overview of reservoir computing: theory, applications and implementations},
  author={Benjamin Schrauwen and David Verstraeten and Jan M. Van Campenhout},
  booktitle={ESANN},
  year={2007}
}

@article{pitta_2016,
  title={Modulation of Synaptic Plasticity by Glutamatergic Gliotransmission: A Modeling Study},
  author={Maurizio De Pitt{\`a} and Nicolas J.-B. Brunel},
  journal={Neural Plasticity},
  year={2016},
  volume={2016}
}

@article{manninen_2018,
  title={Computational Models for Calcium-Mediated Astrocyte Functions},
  author={Tiina Manninen and Riikka Havela and Marja-Leena Linne},
  journal={Frontiers in Computational Neuroscience},
  year={2018},
  volume={12}
}

@article{pitta_2012,
  title={Computational quest for understanding the role of astrocyte signaling in synaptic transmission and plasticity},
  author={Maurizio De Pitt{\`a} and Vladislav Volman and Hugues Berry and Vladimir Parpura and Andrea Volterra and Eshel Ben-Jacob},
  journal={Frontiers in Computational Neuroscience},
  year={2012},
  volume={6}
}

@article{pitta_2009,
  title={Glutamate regulation of calcium and IP3 oscillating and pulsating dynamics in astrocytes},
  author={Maurizio De Pitt{\`a} and Mati Goldberg and Vladislav Volman and Hugues Berry and Eshel Ben-Jacob},
  journal={Journal of Biological Physics},
  year={2009},
  volume={35},
  pages={383-411}
}

@article{bassam_2015,
  title={Real time astrocyte in spiking neural network},
  author={Bassam Abdul-Rahman Abed and Amelia Ritahani Ismail and Normaziah Abdul Aziz},
  journal={2015 SAI Intelligent Systems Conference (IntelliSys)},
  year={2015},
  pages={565-570}
}

@article{gordleeva_2021,
  title={Modeling Working Memory in a Spiking Neuron Network Accompanied by Astrocytes},
  author={Susanna Yu. Gordleeva and Yuliya Tsybina and Mikhail I. Krivonosov and Mikhail Ivanchenko and Alexey Zaikin and Victor B. Kazantsev and Alexander N. Gorban},
  journal={Frontiers in Cellular Neuroscience},
  year={2021},
  volume={15}
}

@article{vigneron_2020,
  title={A critical survey of STDP in Spiking Neural Networks for Pattern Recognition},
  author={Alex Vigneron and J. Martinet},
  journal={2020 International Joint Conference on Neural Networks (IJCNN)},
  year={2020},
  pages={1-9}
}

@article{ponulak_2010,
  title={Supervised Learning in Spiking Neural Networks with ReSuMe: Sequence Learning, Classification, and Spike Shifting},
  author={Filip Ponulak and Andrzej J. Kasinski},
  journal={Neural Computation},
  year={2010},
  volume={22},
  pages={467-510}
}

@article{song_2000,
  title={Competitive Hebbian learning through spike-timing-dependent synaptic plasticity},
  author={Sen Song and Kenneth D. Miller and L. F. Abbott},
  journal={Nature Neuroscience},
  year={2000},
  volume={3},
  pages={919-926}
}

@inproceedings{nessler_2009,
  title={STDP enables spiking neurons to detect hidden causes of their inputs},
  author={Bernhard Nessler and Michael Pfeiffer and Wolfgang Maass},
  booktitle={NIPS},
  year={2009}
}

@article{hofer_2002,
  title={Control and Plasticity of Intercellular Calcium Waves in Astrocytes: A Modeling Approach},
  author={Thomas H{\"o}fer and Laurent Venance and Christian Giaume},
  journal={The Journal of Neuroscience},
  year={2002},
  volume={22},
  pages={4850 - 4859}
}

@article{nest,
  author  = {Marc-Oliver Gewaltig and Markus Diesmann},
  title   = {NEST (NEural Simulation Tool)},
  journal = {Scholarpedia},
  year    = {2007},
  volume  = {2},
  pages   = {1430},
  number  = {4}
}

@article{tsimenidis_2020,
  title={Limitations of Deep Neural Networks: a discussion of G. Marcus' critical appraisal of deep learning},
  author={Stefanos Tsimenidis},
  journal={ArXiv},
  year={2020},
  volume={abs/2012.15754}
}